% Encoding: UTF-8

@Article{Furber2013,
  author  = {S.B. Furber and D.R. Lester and L.A. Plana and J.D. Garside and E. Painkras and S. Temple and A.D. Brown},
  title   = {Overview of the {SpiNNaker} system architecture},
  journal = {IEEE Transactions on Computer},
  year    = {2013},
  volume  = {6},
  pages   = {2454--2467},
}

@Comment{jabref-meta: databaseType:bibtex;}
